<record><leader>00000cas a22000007a 4500</leader><controlfield tag="001">35998052</controlfield><controlfield tag="008">961125d198u1992okuwr n       0    0eng d</controlfield><datafield ind1=" " ind2=" " tag="010"><subfield code="a">sn 96093233 </subfield></datafield><datafield ind1=" " ind2=" " tag="040"><subfield code="a">OBN</subfield><subfield code="b">eng</subfield><subfield code="c">OBN</subfield><subfield code="d">OCLCQ</subfield><subfield code="d">OCLCF</subfield><subfield code="d">OCLCO</subfield></datafield><datafield ind1="1" ind2=" " tag="029"><subfield code="a">AU@</subfield><subfield code="b">000012971908</subfield></datafield><datafield ind1=" " ind2=" " tag="042"><subfield code="a">msc</subfield></datafield><datafield ind1=" " ind2=" " tag="043"><subfield code="a">n-us-ok</subfield></datafield><datafield ind1="0" ind2="4" tag="245"><subfield code="a">The Senior leader.</subfield></datafield><datafield ind1=" " ind2=" " tag="260"><subfield code="a">Durant, Okla. :</subfield><subfield code="b">Cecil Plyler</subfield></datafield><datafield ind1=" " ind2=" " tag="300"><subfield code="a">v.</subfield></datafield><datafield ind1=" " ind2=" " tag="310"><subfield code="a">Weekly</subfield></datafield><datafield ind1="0" ind2=" " tag="362"><subfield code="a">-Oct. 6, 1992.</subfield></datafield><datafield ind1=" " ind2=" " tag="580"><subfield code="a">Issued with: Bryan County star, June 15, 1989-Oct. 6, 1992.</subfield></datafield><datafield ind1=" " ind2=" " tag="588"><subfield code="a">Description based on: Vol. 2, no. 10 (June 15, 1989).</subfield></datafield><datafield ind1=" " ind2="0" tag="651"><subfield code="a">Durant (Okla.)</subfield><subfield code="v">Newspapers.</subfield></datafield><datafield ind1=" " ind2="0" tag="651"><subfield code="a">Bryan County (Okla.)</subfield><subfield code="v">Newspapers.</subfield></datafield><datafield ind1=" " ind2="7" tag="655"><subfield code="a">Newspapers.</subfield><subfield code="2">fast</subfield><subfield code="0">(OCoLC)fst01423814</subfield></datafield><datafield ind1=" " ind2="7" tag="651"><subfield code="a">Oklahoma</subfield><subfield code="z">Bryan County.</subfield><subfield code="2">fast</subfield><subfield code="0">(OCoLC)fst01203140</subfield></datafield><datafield ind1=" " ind2="7" tag="651"><subfield code="a">Oklahoma</subfield><subfield code="z">Durant.</subfield><subfield code="2">fast</subfield><subfield code="0">(OCoLC)fst01220336</subfield></datafield><datafield ind1=" " ind2=" " tag="752"><subfield code="a">United States</subfield><subfield code="b">Oklahoma</subfield><subfield code="c">Bryan</subfield><subfield code="d">Durant.</subfield></datafield><datafield ind1="0" ind2=" " tag="775"><subfield code="t">Bryan County star</subfield><subfield code="w">(DLC)sn 84005240</subfield><subfield code="w">(OCoLC)10683883</subfield></datafield></record>